<record><leader>00000cas a22000007a 4500</leader><controlfield tag="001">13571918</controlfield><controlfield tag="008">860515d18611871wiuwr ne      0    0eng d</controlfield><datafield ind1=" " ind2=" " tag="010"><subfield code="a">sn 86086473 </subfield></datafield><datafield ind1=" " ind2=" " tag="040"><subfield code="a">NPV</subfield><subfield code="b">eng</subfield><subfield code="c">NPV</subfield><subfield code="d">OCLCQ</subfield></datafield><datafield ind1=" " ind2=" " tag="042"><subfield code="a">msc</subfield></datafield><datafield ind1=" " ind2=" " tag="045"><subfield code="a">w6w7</subfield></datafield><datafield ind1=" " ind2=" " tag="052"><subfield code="a">4123</subfield><subfield code="b">M7</subfield></datafield><datafield ind1="0" ind2="0" tag="245"><subfield code="a">Sparta eagle.</subfield></datafield><datafield ind1=" " ind2=" " tag="260"><subfield code="a">Sparta, Monroe County, Wis. :</subfield><subfield code="b">W.H. Farnham</subfield></datafield><datafield ind1=" " ind2=" " tag="300"><subfield code="a">v.</subfield></datafield><datafield ind1=" " ind2=" " tag="310"><subfield code="a">Weekly</subfield></datafield><datafield ind1="1" ind2=" " tag="362"><subfield code="a">Began in 1861; ceased in May, 1871.</subfield><subfield code="z">Cf. Oehlerts, d. E. Guide to Wis. newspapers.</subfield></datafield><datafield ind1=" " ind2=" " tag="500"><subfield code="a">Publisher varies.</subfield></datafield><datafield ind1=" " ind2=" " tag="500"><subfield code="a">Editors: W.H. Farnham, &amp; L.B. Noyes, &lt;Jan. 3, 1862&gt;; W.H. Farnham, &lt;Aug. 25, 1864&gt;-Aug. 7, 1867; D.W.C. Wilson &amp; R.C. Bierce, &lt;Jan. 13&gt;-Feb. 17, 1871; D.W.C. Wilson, Feb. 24-March 17, 1871.</subfield></datafield><datafield ind1=" " ind2=" " tag="530"><subfield code="a">Available on microfilm from The State Historical Society of Wisconsin.</subfield></datafield><datafield ind1=" " ind2=" " tag="588"><subfield code="a">Description based on: Vol. 1, no. 27 (Jan. 3, 1862).</subfield></datafield><datafield ind1=" " ind2=" " tag="752"><subfield code="a">United States</subfield><subfield code="b">Wisconsin</subfield><subfield code="c">Monroe</subfield><subfield code="d">Sparta.</subfield></datafield><datafield ind1="1" ind2=" " tag="029"><subfield code="a">AU@</subfield><subfield code="b">000025829461</subfield></datafield></record>